<record><leader>00000cas a22000007a 4500</leader><controlfield tag="001">31943926</controlfield><controlfield tag="008">950206c19949999arudr ne      0   a0eng c</controlfield><datafield ind1=" " ind2=" " tag="010"><subfield code="a">sn 95004534 </subfield></datafield><datafield ind1=" " ind2=" " tag="040"><subfield code="a">NSD</subfield><subfield code="b">eng</subfield><subfield code="c">NSD</subfield><subfield code="d">OCLCQ</subfield></datafield><datafield ind1=" " ind2=" " tag="012"><subfield code="m">1</subfield></datafield><datafield ind1="1" ind2=" " tag="022"><subfield code="a">1080-952X</subfield><subfield code="l">1080-952X</subfield><subfield code="2">1</subfield></datafield><datafield ind1=" " ind2=" " tag="032"><subfield code="a">447950</subfield><subfield code="b">USPS</subfield></datafield><datafield ind1=" " ind2=" " tag="037"><subfield code="b">The Morning News of Northwest Arkansas, 2560 North Lowell Rd., Springdale, AR 72764</subfield></datafield><datafield ind1=" " ind2=" " tag="042"><subfield code="a">nsdp</subfield><subfield code="a">pcc</subfield></datafield><datafield ind1="0" ind2=" " tag="210"><subfield code="a">Morning news Northwest Ark.</subfield></datafield><datafield ind1=" " ind2="4" tag="222"><subfield code="a">The morning news of Northwest Arkansas</subfield></datafield><datafield ind1="0" ind2="4" tag="245"><subfield code="a">The morning news of Northwest Arkansas.</subfield></datafield><datafield ind1=" " ind2=" " tag="260"><subfield code="a">Springdale, AR :</subfield><subfield code="b">Morning News of Northwest Arkansas</subfield></datafield><datafield ind1=" " ind2=" " tag="300"><subfield code="a">v.</subfield></datafield><datafield ind1=" " ind2=" " tag="310"><subfield code="a">Daily</subfield></datafield><datafield ind1="1" ind2=" " tag="362"><subfield code="a">Began in 1994.</subfield></datafield><datafield ind1=" " ind2=" " tag="580"><subfield code="a">Formed by the union of: Morning news (Springdale, Ark.); and: Northwest Arkansas morning news.</subfield></datafield><datafield ind1=" " ind2=" " tag="588"><subfield code="a">Description based on: Vol. 1, no. 43 (Dec. 13, 1994).</subfield></datafield><datafield ind1=" " ind2=" " tag="752"><subfield code="a">United States</subfield><subfield code="b">Arkansas</subfield><subfield code="c">Washington</subfield><subfield code="d">Springdale.</subfield></datafield><datafield ind1=" " ind2=" " tag="752"><subfield code="a">United States</subfield><subfield code="b">Arkansas</subfield><subfield code="c">Benton</subfield><subfield code="d">Rogers.</subfield></datafield><datafield ind1="1" ind2="4" tag="780"><subfield code="t">Morning news (Springdale, Ark.)</subfield><subfield code="x">1053-9689</subfield><subfield code="w">(DLC)sn 90050305</subfield><subfield code="w">(OCoLC)22457236</subfield></datafield><datafield ind1="1" ind2="4" tag="780"><subfield code="t">Northwest Arkansas morning news</subfield><subfield code="x">1064-7252</subfield><subfield code="w">(DLC)sn 88051068</subfield><subfield code="w">(OCoLC)18394698</subfield></datafield></record>